<?xml version="1.0" encoding="UTF-8"?><record xmlns="http://www.loc.gov/MARC21/slim" xmlns:cinclude="http://apache.org/cocoon/include/1.0" xmlns:zs="http://www.loc.gov/zing/srw/">
  <leader>00407cz  a2200133n  4500</leader>
  <controlfield tag="001">n  99279672 </controlfield>
  <controlfield tag="003">DLC</controlfield>
  <controlfield tag="005">19991129153958.0</controlfield>
  <controlfield tag="008">991123n| acannaabn          |n aaa      </controlfield>
  <datafield tag="010" ind1=" " ind2=" ">
    <subfield code="a">n  99279672 </subfield>
  </datafield>
  <datafield tag="040" ind1=" " ind2=" ">
    <subfield code="a">DLC</subfield>
    <subfield code="b">eng</subfield>
    <subfield code="c">DLC</subfield>
    <subfield code="d">DLC</subfield>
  </datafield>
  <datafield tag="100" ind1="1" ind2=" ">
    <subfield code="a">Grady, Thomas</subfield>
    <subfield code="q">(Thomas R.)</subfield>
  </datafield>
  <datafield tag="670" ind1=" " ind2=" ">
    <subfield code="a">Signatures of grace, 2000:</subfield>
    <subfield code="b">CIP t.p. (Thomas Grady)</subfield>
  </datafield>
  <datafield tag="670" ind1=" " ind2=" ">
    <subfield code="a">Phone call to pub., 11-22-99</subfield>
    <subfield code="b">(Thomas Grady, middle initial is R.)</subfield>
  </datafield>
</record>